<?xml version="1.0" encoding="UTF-8"?><collection xmlns="http://www.loc.gov/MARC21/slim"><record><leader>00469nam--2200181-u-4500</leader><controlfield tag="001">000051843</controlfield><controlfield tag="002">20161230</controlfield><controlfield tag="005">20161230201049</controlfield><controlfield tag="008">081104s1000------------r-----000-0-eng-d</controlfield><datafield ind1=" " ind2=" " tag="040"><subfield code="a">IFIN-HH</subfield></datafield><datafield ind1=" " ind2=" " tag="080"><subfield code="a">517.986</subfield></datafield><datafield ind1="1" ind2=" " tag="100"><subfield code="a">Wermer,John</subfield></datafield><datafield ind1="1" ind2="0" tag="245"><subfield code="a">Banach Algebras and Several Complex Variables</subfield></datafield><datafield ind1=" " ind2=" " tag="260"><subfield code="a">New York</subfield><subfield code="b">Springer-Verlag</subfield><subfield code="c">1976</subfield></datafield><datafield ind1=" " ind2=" " tag="300"><subfield code="a">161 p</subfield></datafield><datafield ind1=" " ind2=" " tag="490"><subfield code="a">Graduate Text in Mathematics</subfield></datafield><datafield ind1=" " ind2=" " tag="852"><subfield code="a">46531</subfield><subfield code="c">517.9</subfield></datafield><datafield ind1=" " ind2=" " tag="CAT"><subfield code="a">Sys</subfield><subfield code="c">20081104</subfield><subfield code="h">102002</subfield></datafield></record></collection>